<?xml version="1.0" encoding="UTF-8"?><collection xmlns="http://www.loc.gov/MARC21/slim"><record><leader>00507nam--2200133-i-4500</leader><controlfield tag="001">000029482</controlfield><controlfield tag="002">20161230</controlfield><controlfield tag="005">20161230201037</controlfield><controlfield tag="008">060222s1000------------r-----000-0-eng-d</controlfield><datafield ind1=" " ind2=" " tag="080"><subfield code="a">621.039.548(043)</subfield></datafield><datafield ind1=" " ind2=" " tag="100"><subfield code="a">Lorenzelli, Nicole</subfield></datafield><datafield ind1=" " ind2=" " tag="245"><subfield code="a">Etude metallurgique et thermodynamique d`un combustible carbure contenant des produits de fission inactifs: une `simulation` de combustible nucleaire irradie</subfield></datafield><datafield ind1=" " ind2=" " tag="260"><subfield code="a">Paris, Faculte Des Sciences De L`Univ.De Paris, Centre D`Orsay, 87p.+ 36p.Fig</subfield></datafield><datafield ind1=" " ind2=" " tag="852"><subfield code="a">40520</subfield></datafield></record></collection>